<record><leader>02081cam a2200469 i 4500</leader><controlfield tag="001">6775940</controlfield><controlfield tag="003">OCoLC</controlfield><controlfield tag="005">20141226160503.0</controlfield><controlfield tag="008">140721t20152015onca   j b    001 0deng  </controlfield><datafield ind1=" " ind2=" " tag="010"><subfield code="a">  2014027799</subfield></datafield><datafield ind1=" " ind2=" " tag="020"><subfield code="a">9780778707523 (reinforced library binding)</subfield></datafield><datafield ind1=" " ind2=" " tag="020"><subfield code="a">0778707520 (reinforced library binding)</subfield></datafield><datafield ind1=" " ind2=" " tag="020"><subfield code="a">9780778707806 (paperback)</subfield></datafield><datafield ind1=" " ind2=" " tag="020"><subfield code="z">9781427176806 (electronic PDF)</subfield></datafield><datafield ind1=" " ind2=" " tag="020"><subfield code="z">9781427176769 (electronic html)</subfield></datafield><datafield ind1=" " ind2=" " tag="035"><subfield code="a">ocn888985782</subfield></datafield><datafield ind1=" " ind2=" " tag="040"><subfield code="a">DLC</subfield><subfield code="b">eng</subfield><subfield code="e">rda</subfield><subfield code="c">DLC</subfield><subfield code="d">FOLLT</subfield><subfield code="d">CDX</subfield><subfield code="d">UAB</subfield></datafield><datafield ind1=" " ind2=" " tag="042"><subfield code="a">pcc</subfield></datafield><datafield ind1="0" ind2="0" tag="050"><subfield code="a">GV846.5</subfield><subfield code="b">.W56 2015</subfield></datafield><datafield ind1="0" ind2="0" tag="082"><subfield code="a">796.962</subfield><subfield code="2">23</subfield></datafield><datafield ind1=" " ind2=" " tag="090"><subfield code="a">GV 846.5 W56 2015</subfield><subfield code="b">AEU</subfield></datafield><datafield ind1="1" ind2=" " tag="100"><subfield code="a">Winters, Jaime,</subfield><subfield code="e">author.</subfield></datafield><datafield ind1="1" ind2="0" tag="245"><subfield code="a">Breakaway! :</subfield><subfield code="b">the history of hockey /</subfield><subfield code="c">Jaime Winters.</subfield></datafield><datafield ind1=" " ind2="1" tag="264"><subfield code="a">St. Catharines, Ontario ;</subfield><subfield code="a">New York, New York :</subfield><subfield code="b">Crabtree Publishing Company,</subfield><subfield code="c">[2015]</subfield></datafield><datafield ind1=" " ind2="4" tag="264"><subfield code="c">&#169;2015</subfield></datafield><datafield ind1=" " ind2=" " tag="300"><subfield code="a">32 pages :</subfield><subfield code="b">illustrations (chiefly color) ;</subfield><subfield code="c">27 cm.</subfield></datafield><datafield ind1=" " ind2=" " tag="336"><subfield code="a">text</subfield><subfield code="b">txt</subfield><subfield code="2">rdacontent</subfield></datafield><datafield ind1=" " ind2=" " tag="336"><subfield code="a">still image</subfield><subfield code="b">sti</subfield><subfield code="2">rdacontent</subfield></datafield><datafield ind1=" " ind2=" " tag="337"><subfield code="a">unmediated</subfield><subfield code="b">n</subfield><subfield code="2">rdamedia</subfield></datafield><datafield ind1=" " ind2=" " tag="338"><subfield code="a">volume</subfield><subfield code="b">nc</subfield><subfield code="2">rdacarrier</subfield></datafield><datafield ind1="1" ind2=" " tag="490"><subfield code="a">Hockey source</subfield></datafield><datafield ind1=" " ind2=" " tag="504"><subfield code="a">Includes bibliographical references (page 31) and index.</subfield></datafield><datafield ind1="0" ind2=" " tag="505"><subfield code="a">The fastest game on earth -- The birth of hockey -- The North American game -- A growing interest -- The rise of the NHL -- The game goes pro -- Getting into gear -- Goalie's armor -- Hockey in Europe -- Girls got game! -- Modern women's hockey -- The world rink -- All kinds of hockey -- Hockey around the world.</subfield></datafield><datafield ind1="1" ind2=" " tag="521"><subfield code="a">Age: 8-11.</subfield></datafield><datafield ind1="2" ind2=" " tag="521"><subfield code="a">Grade: 4 to 6.</subfield></datafield><datafield ind1=" " ind2=" " tag="590"><subfield code="a">University of Alberta Library copy in the Canadian Children's Book Centre Depository Collection.</subfield></datafield><datafield ind1=" " ind2=" " tag="596"><subfield code="a">41</subfield></datafield><datafield ind1=" " ind2="0" tag="650"><subfield code="a">Hockey</subfield><subfield code="x">History</subfield><subfield code="v">Juvenile literature.</subfield></datafield><datafield ind1=" " ind2="0" tag="830"><subfield code="a">Hockey source.</subfield></datafield><datafield ind1=" " ind2=" " tag="949"><subfield code="a">GV 846.5 W56 2015</subfield><subfield code="c">1</subfield><subfield code="h">UAED-CU-B</subfield><subfield code="i">0162035217650</subfield></datafield><datafield ind1=" " ind2=" " tag="926"><subfield code="a">GV 846.5 W56 2015</subfield><subfield code="w">LC</subfield><subfield code="c">1</subfield><subfield code="i">0162035217650</subfield><subfield code="l">CURRICULUM</subfield><subfield code="m">UAEDUC</subfield><subfield code="p">$150.00</subfield><subfield code="r">Y</subfield><subfield code="s">Y</subfield><subfield code="t">BOOK</subfield><subfield code="u">1/14/2015</subfield></datafield><datafield ind1=" " ind2=" " tag="926"><subfield code="a">GV 846.5 W56 2015</subfield><subfield code="w">LC</subfield><subfield code="c">2</subfield><subfield code="i">0162034252872</subfield><subfield code="l">CCBCC</subfield><subfield code="m">UAEDUC</subfield><subfield code="p">$150.00</subfield><subfield code="r">Y</subfield><subfield code="s">Y</subfield><subfield code="t">NO_LOAN</subfield><subfield code="u">4/14/2015</subfield></datafield></record>